@article{hochreiter1997long,
  title={Long short-term memory},
  author={Hochreiter, Sepp and Schmidhuber, J{"u}rgen},
  journal={Neural computation},
  volume={9},
  number={8},
  pages={1735--1780},
  year={1997},
  publisher={MIT Press}
}

@inproceedings{zhou2015c,
  title={A deep learning framework for financial time series using convolutional and LSTM networks},
  author={Zhou, Kai and others},
  booktitle={Proceedings of the 2015 International Conference on Data Mining},
  year={2015}
}

@article{brown2018ensemble,
  title={Ensemble methods in financial forecasting: A review},
  author={Brown, A. and Smith, B.},
  journal={Journal of Financial Data Science},
  year={2018}
}

@misc{binance_api,
  title={Binance API Documentation},
  howpublished={\url{https://binance-docs.github.io/apidocs/}},
  note={Accessed: 2025-10-28}
}
